<record><leader>00000cas a2200000 a 4500</leader><controlfield tag="001">25624253</controlfield><controlfield tag="008">920410d19571958iluwr ne      0   a0eng c</controlfield><datafield ind1=" " ind2=" " tag="010"><subfield code="a">sn 92053839 </subfield></datafield><datafield ind1=" " ind2=" " tag="040"><subfield code="a">NVF</subfield><subfield code="b">eng</subfield><subfield code="c">NVF</subfield><subfield code="d">OCLCQ</subfield><subfield code="d">NVF</subfield><subfield code="d">OCLCQ</subfield><subfield code="d">NVF</subfield><subfield code="d">OCLCF</subfield><subfield code="d">DLC</subfield><subfield code="d">OCLCO</subfield></datafield><datafield ind1="1" ind2=" " tag="029"><subfield code="a">AU@</subfield><subfield code="b">000041263206</subfield></datafield><datafield ind1=" " ind2=" " tag="042"><subfield code="a">pcc</subfield></datafield><datafield ind1=" " ind2=" " tag="043"><subfield code="a">n-us-il</subfield></datafield><datafield ind1="0" ind2="0" tag="245"><subfield code="a">Coulterville Republican.</subfield></datafield><datafield ind1=" " ind2=" " tag="260"><subfield code="a">Coulterville, Ill. :</subfield><subfield code="b">Edward E. Hotchkiss,</subfield><subfield code="c">1957-1958.</subfield></datafield><datafield ind1=" " ind2=" " tag="300"><subfield code="a">v.</subfield></datafield><datafield ind1=" " ind2=" " tag="310"><subfield code="a">Weekly</subfield></datafield><datafield ind1="0" ind2=" " tag="362"><subfield code="a">Vol. 72, no. 31 (Sept. 6, 1957)-v. 73, no. 14 (May 9, 1958).</subfield></datafield><datafield ind1=" " ind2=" " tag="515"><subfield code="a">Continues the numbering of Republican (Coulterville, Ill.).</subfield></datafield><datafield ind1=" " ind2="0" tag="651"><subfield code="a">Coulterville (Ill.)</subfield><subfield code="v">Newspapers.</subfield></datafield><datafield ind1=" " ind2="7" tag="651"><subfield code="a">Illinois</subfield><subfield code="z">Coulterville.</subfield><subfield code="2">fast</subfield><subfield code="0">(OCoLC)fst01294425</subfield></datafield><datafield ind1=" " ind2="7" tag="655"><subfield code="a">Newspapers.</subfield><subfield code="2">fast</subfield><subfield code="0">(OCoLC)fst01423814</subfield></datafield><datafield ind1=" " ind2=" " tag="752"><subfield code="a">United States</subfield><subfield code="b">Illinois</subfield><subfield code="c">Randolph</subfield><subfield code="d">Coulterville.</subfield></datafield><datafield ind1="0" ind2="0" tag="780"><subfield code="t">Republican (Coulterville, Ill.)</subfield><subfield code="w">(DLC)sn 92053838</subfield><subfield code="w">(OCoLC)25624118</subfield></datafield><datafield ind1="0" ind2="0" tag="785"><subfield code="t">Coulterville news</subfield><subfield code="w">(DLC)sn 92053840</subfield><subfield code="w">(OCoLC)25624304</subfield></datafield></record>